 @misc{ 
    ices2017,
    title={Photogrammetry and Remote Sensing}, 
    url={https://web.archive.org/web/20170830062535/https://www.cices.org/pdf/P%26RSinformation.pdf}, 
    publisher={Chartered Institution of Civil Engineering Surveyors},
    author={ Remote Sensing and Photogrammetry Panel }, 
    year={2017}, 
    month={Aug} 
}